<record><leader>00000cas a22000007a 4500</leader><controlfield tag="001">18884034</controlfield><controlfield tag="008">881210d19561961iauwr ne      0    0eng d</controlfield><datafield ind1=" " ind2=" " tag="010"><subfield code="a">sn 88059717 </subfield></datafield><datafield ind1=" " ind2=" " tag="040"><subfield code="a">INP</subfield><subfield code="b">eng</subfield><subfield code="c">INP</subfield><subfield code="d">OCLCQ</subfield></datafield><datafield ind1=" " ind2=" " tag="042"><subfield code="a">msc</subfield></datafield><datafield ind1="0" ind2="0" tag="245"><subfield code="a">Bettendorf press.</subfield></datafield><datafield ind1=" " ind2=" " tag="260"><subfield code="a">Bettendorf, Iowa :</subfield><subfield code="b">Bettendorf Press,</subfield><subfield code="c">-1961.</subfield></datafield><datafield ind1=" " ind2=" " tag="300"><subfield code="a">v.</subfield></datafield><datafield ind1=" " ind2=" " tag="310"><subfield code="a">Weekly</subfield></datafield><datafield ind1="1" ind2=" " tag="362"><subfield code="a">Began in 1956.</subfield></datafield><datafield ind1="0" ind2=" " tag="362"><subfield code="a">-v. 33, no. 48 (Mar. 9, 1961).</subfield></datafield><datafield ind1=" " ind2=" " tag="588"><subfield code="a">Description based on: Vol. 28, no. 37 (Feb. 7, 1957).</subfield></datafield><datafield ind1=" " ind2=" " tag="752"><subfield code="a">United States</subfield><subfield code="b">Iowa</subfield><subfield code="c">Scott</subfield><subfield code="d">Bettendorf.</subfield></datafield><datafield ind1="0" ind2="0" tag="780"><subfield code="t">Farm Bureau news (Bettendorf, Iowa)</subfield><subfield code="w">(DLC)sn 88059714</subfield></datafield><datafield ind1="0" ind2="0" tag="785"><subfield code="t">Bettendorf news (Bettendorf, Iowa : 1961)</subfield><subfield code="w">(DLC)sn 88059718</subfield></datafield></record>